<collection xmlns="http://www.loc.gov/MARC21/slim">
<record>
  <leader>02282nam0a22003851i 450 </leader>
  <controlfield tag="001">IT\ICCU\CNCE\022161</controlfield>
  <controlfield tag="005">20111121000000.0</controlfield>
  <datafield tag="012" ind1=" " ind2=" ">
    <subfield code="a">faie a-to e-a, ceCh (3) 1546 (R)</subfield>
    <subfield code="2">fei</subfield>
  </datafield>
  <datafield tag="100" ind1=" " ind2=" ">
    <subfield code="a">19970101d1546        0itac0103    ba</subfield>
  </datafield>
  <datafield tag="101" ind1=" " ind2=" ">
    <subfield code="a">ITA</subfield>
  </datafield>
  <datafield tag="102" ind1=" " ind2=" ">
    <subfield code="a">IT</subfield>
  </datafield>
  <datafield tag="200" ind1="1" ind2=" ">
    <subfield code="a">Libro secondo delle lettere dell&apos;illustre Antonio di Gueuara vescouo di Mondogneto</subfield>
  </datafield>
  <datafield tag="210" ind1=" " ind2=" ">
    <subfield code="a">In Vinegia</subfield>
    <subfield code="c">appresso Gabriel Giolito de Ferrari</subfield>
    <subfield code="d">1546</subfield>
    <subfield code="e">In Vinegia</subfield>
    <subfield code="g">appresso Gabriel Giolito de Ferrari</subfield>
    <subfield code="h">1546</subfield>
  </datafield>
  <datafield tag="215" ind1=" " ind2=" ">
    <subfield code="a">\4!, 260 c.</subfield>
    <subfield code="d">8ʻ</subfield>
  </datafield>
  <datafield tag="620" ind1=" " ind2=" ">
    <subfield code="a">IT</subfield>
    <subfield code="d">Venezia</subfield>
  </datafield>
  <datafield tag="700" ind1=" " ind2="1">
    <subfield code="a">Guevara,</subfield>
    <subfield code="b">Antonio : de</subfield>
    <subfield code="3">IT\ICCU\CNCA\006353</subfield>
  </datafield>
  <datafield tag="712" ind1="0" ind2="0">
    <subfield code="a">Giolito De Ferrari, Gabriele</subfield>
    <subfield code="3">IT\ICCU\CNCT\000033</subfield>
    <subfield code="4">650</subfield>
  </datafield>
  <datafield tag="791" ind1="0" ind2="0">
    <subfield code="a">Iolitus de Ferrariis, Gabriel</subfield>
    <subfield code="3">IT\ICCU\CNCT\003847</subfield>
    <subfield code="z">Giolito De Ferrari, Gabriele</subfield>
  </datafield>
  <datafield tag="791" ind1="0" ind2="0">
    <subfield code="a">Iolito de Ferrarii, Gabriel</subfield>
    <subfield code="3">IT\ICCU\CNCT\004885</subfield>
    <subfield code="z">Giolito De Ferrari, Gabriele</subfield>
  </datafield>
  <datafield tag="801" ind1=" " ind2="3">
    <subfield code="a">IT</subfield>
    <subfield code="b">ICCU</subfield>
    <subfield code="c">20201114</subfield>
  </datafield>
  <datafield tag="899" ind1=" " ind2=" ">
    <subfield code="a">Biblioteca del Seminario vescovile. Asti</subfield>
    <subfield code="1">AT0005</subfield>
    <subfield code="2">TO0 45</subfield>
  </datafield>
  <datafield tag="899" ind1=" " ind2=" ">
    <subfield code="a">Biblioteca comunale dell&apos;Archiginnasio. Bologna</subfield>
    <subfield code="1">BO0304</subfield>
    <subfield code="2">UBO GA</subfield>
  </datafield>
  <datafield tag="899" ind1=" " ind2=" ">
    <subfield code="a">Biblioteca Riccardiana. Firenze</subfield>
    <subfield code="1">FI0094</subfield>
    <subfield code="2">CFI RF</subfield>
  </datafield>
  <datafield tag="899" ind1=" " ind2=" ">
    <subfield code="a">Biblioteca nazionale centrale. Firenze</subfield>
    <subfield code="1">FI0098</subfield>
    <subfield code="2">CFI CF</subfield>
  </datafield>
  <datafield tag="899" ind1=" " ind2=" ">
    <subfield code="a">Biblioteca comunale Filelfica. Tolentino</subfield>
    <subfield code="1">MC0082</subfield>
    <subfield code="2">UMC BT</subfield>
  </datafield>
  <datafield tag="899" ind1=" " ind2=" ">
    <subfield code="a">Biblioteca nazionale Vittorio Emanuele III. Napoli</subfield>
    <subfield code="1">NA0079</subfield>
    <subfield code="2">NAP BN</subfield>
  </datafield>
  <datafield tag="899" ind1=" " ind2=" ">
    <subfield code="a">Biblioteca civica. Padova</subfield>
    <subfield code="1">PD0090</subfield>
    <subfield code="2">PUV 55</subfield>
  </datafield>
  <datafield tag="899" ind1=" " ind2=" ">
    <subfield code="a">Biblioteca Ludovico Jacobilli del Seminario vescovile. Foligno</subfield>
    <subfield code="1">PG0040</subfield>
    <subfield code="2">UM1 39</subfield>
  </datafield>
  <datafield tag="899" ind1=" " ind2=" ">
    <subfield code="a">Biblioteca Palatina. Parma</subfield>
    <subfield code="1">PR0072</subfield>
    <subfield code="2">PAR PA</subfield>
  </datafield>
  <datafield tag="899" ind1=" " ind2=" ">
    <subfield code="a">Biblioteca capitolare Fabroniana. Pistoia</subfield>
    <subfield code="1">PT0026</subfield>
    <subfield code="2">RT1 LB</subfield>
  </datafield>
  <datafield tag="899" ind1=" " ind2=" ">
    <subfield code="a">Biblioteca dell&apos;Accademia filarmonica di Verona. Verona</subfield>
    <subfield code="1">VR0070</subfield>
    <subfield code="2">ZVR 03</subfield>
  </datafield>
  <datafield tag="911" ind1=" " ind2=" ">
    <subfield code="a">Sul front.</subfield>
    <subfield code="9">IT\ICCU\CNCM\000026</subfield>
  </datafield>
  <datafield tag="911" ind1=" " ind2=" ">
    <subfield code="a">Nel colophon</subfield>
    <subfield code="9">IT\ICCU\CNCM\001450</subfield>
  </datafield>
  <datafield tag="921" ind1=" " ind2=" ">
    <subfield code="a">IT\ICCU\CNCM\000026</subfield>
    <subfield code="b">Fenice su fiamme che si sprigionano da anfora recante le iniziali G.G.F. L&apos;anfora  ̈sorretta da due satiri alati.</subfield>
    <subfield code="e">De la mia morte eterna vita i vivo. - Semper eadem.</subfield>
    <subfield code="c">Z535</subfield>
    <subfield code="d">Dimensioni: 4 x 5</subfield>
    <subfield code="f">DELAMIAMOR</subfield>
    <subfield code="f">FENICE</subfield>
    <subfield code="f">FIAMME</subfield>
    <subfield code="f">GGF</subfield>
    <subfield code="f">SEMPEREADE</subfield>
    <subfield code="g">1546-1578</subfield>
  </datafield>
  <datafield tag="921" ind1=" " ind2=" ">
    <subfield code="a">IT\ICCU\CNCM\001450</subfield>
    <subfield code="b">Fenice, rivolta al sole, su fiamme che si sprigionano da globo alato recante  le iniziali G.G.F.</subfield>
    <subfield code="e">Semper eadem</subfield>
    <subfield code="c">U387</subfield>
    <subfield code="d">dimensioni: 4 X 4,6</subfield>
    <subfield code="f">FENICE</subfield>
    <subfield code="f">SEMPEREADE</subfield>
    <subfield code="g">1542-1584</subfield>
  </datafield>
</record>
</collection>
